
--------- NTL ------------

@article{sutton2007estimation,
  title={Estimation of gross domestic product at sub-national scales using nighttime satellite imagery},
  author={Sutton, Paul C and Elvidge, Christopher D and Ghosh, Tilottama and others},
  journal={International Journal of Ecological Economics \& Statistics},
  volume={8},
  number={S07},
  pages={5--21},
  year={2007}
}

@article{henderson2012measuring,
  title={Measuring economic growth from outer space},
  author={Henderson, J Vernon and Storeygard, Adam and Weil, David N},
  journal={American economic review},
  volume={102},
  number={2},
  pages={994--1028},
  year={2012},
  publisher={American Economic Association}
}

@article{mellander2015night,
  title={Night-time light data: A good proxy measure for economic activity?},
  author={Mellander, Charlotta and Lobo, Jos{\'e} and Stolarick, Kevin and Matheson, Zara},
  journal={PloS one},
  volume={10},
  number={10},
  pages={e0139779},
  year={2015},
  publisher={Public Library of Science San Francisco, CA USA}
}

@article{addison2015nighttime,
  title={Nighttime lights revisited: the use of nighttime lights data as a proxy for economic variables},
  author={Addison, Douglas M and Stewart, Benjamin},
  journal={World Bank Policy Research Working Paper},
  number={7496},
  year={2015}
}

@article{gibson2021nighttime,
  title={Nighttime lights and county-level economic activity in the United States: 2001 to 2019},
  author={Gibson, John and Boe-Gibson, Geua},
  journal={Remote Sensing},
  volume={13},
  number={14},
  pages={2741},
  year={2021},
  publisher={MDPI}
}

@article{bickenbach2016night,
  title={Night lights and regional GDP},
  author={Bickenbach, Frank and Bode, Eckhardt and Nunnenkamp, Peter and S{\"o}der, Mareike},
  journal={Review of World Economics},
  volume={152},
  pages={425--447},
  year={2016},
  publisher={Springer}
}

--------- TRUCK DETECTION -------------

@article{leitloff2006automatic,
  title={Automatic vehicle detection in satellite images},
  author={Leitloff, J and Hinz, S and Stilla, U},
  journal={International Archives of Photogrammetry, Remote Sensing and Spatial Information Scienses},
  volume={36},
  pages={221--227},
  year={2006}
}

@article{zambanini2020detection,
  title={Detection of parking cars in stereo satellite images},
  author={Zambanini, Sebastian and Loghin, Ana-Maria and Pfeifer, Norbert and Soley, Elena M{\`a}rmol and Sablatnig, Robert},
  journal={Remote Sensing},
  volume={12},
  number={13},
  pages={2170},
  year={2020},
  publisher={MDPI}
}

@article{fisser2022detecting,
  title={Detecting moving trucks on roads using sentinel-2 data},
  author={Fisser, Henrik and Khorsandi, Ehsan and Wegmann, Martin and Baier, Frank},
  journal={Remote Sensing},
  volume={14},
  number={7},
  pages={1595},
  year={2022},
  publisher={MDPI}
}

---------- GRAVITY -------------

@article{tinbergen1962shaping,
title={Shaping the world economy; suggestions for an international economic policy},
author={Tinbergen, Jan},
year={1962}
}


@article{anderson2003gravity,
  title={Gravity with gravitas: A solution to the border puzzle},
  author={Anderson, James E and Van Wincoop, Eric},
  journal={American economic review},
  volume={93},
  number={1},
  pages={170--192},
  year={2003},
  publisher={American Economic Association}
}

@article{anderson2011gravity,
  title={The gravity model},
  author={Anderson, James E},
  journal={Annu. Rev. Econ.},
  volume={3},
  number={1},
  pages={133--160},
  year={2011},
  publisher={Annual Reviews}
}

@article{bergstrand1985gravity,
  title={The gravity equation in international trade: some microeconomic foundations and empirical evidence},
  author={Bergstrand, Jeffrey H},
  journal={The review of economics and statistics},
  pages={474--481},
  year={1985},
  publisher={JSTOR}
}

@article{tavasszy2008freight,
  title={Freight Modelling: An overview of international experiences},
  author={Tavasszy, L{\'o}r{\'a}nt A},
  year={2008},
  publisher={Washington: Transportation Research Board}
}

@techreport{strocko2014freight,
  title={Freight facts and figures 2013},
  author={Strocko, Ed and Sprung, Michael J and Nguyen, Long X and Rick, Christopher and Sedor, Joanne and others},
  year={2014},
  institution={United States. Federal Highway Administration}
}

@article{coughlin2013international,
  title={Is the international border effect larger than the domestic border effect? Evidence from US trade},
  author={Coughlin, Cletus C and Novy, Dennis},
  journal={CESifo Economic Studies},
  volume={59},
  number={2},
  pages={249--276},
  year={2013},
  publisher={Oxford University Press}
}

@article{beine2016practitioners,
  title={A practitioners’ guide to gravity models of international migration},
  author={Beine, Michel and Bertoli, Simone and Fern{\'a}ndez-Huertas Moraga, Jes{\'u}s},
  journal={The World Economy},
  volume={39},
  number={4},
  pages={496--512},
  year={2016},
  publisher={Wiley Online Library}
}

@article{host2019trade,
  title={Trade logistics--the gravity model approach},
  author={Host, Alen and Skender, Helga Pavli{\'c} and Zaninovi{\'c}, Petra Adelajda},
  journal={Zbornik Radova Ekonomski Fakultet u Rijeka},
  volume={37},
  number={1},
  pages={327--342},
  year={2019},
  publisher={Sveuciliste u Rijeci}
}

@article{mendes2020impact,
  title={The impact of logistics performance on Argentina, Brazil, and the US soybean exports from 2012 to 2018: a gravity model approach},
  author={Mendes dos Reis, Jo{\~a}o Gilberto and Sanches Amorim, Pedro and Sarsfield Pereira Cabral, Jos{\'e} Ant{\'o}nio and Toloi, Rodrigo Carlo},
  journal={Agriculture},
  volume={10},
  number={8},
  pages={338},
  year={2020},
  publisher={MDPI}
}

@book{yotov2016advanced,
  title={An advanced guide to trade policy analysis​: The structural gravity model},
  author={Yotov, Yoto V and Piermartini, Roberta and Larch, Mario and others},
  year={2016},
  publisher={WTO iLibrary}
}

@article{capello2018measuring,
  title={Measuring border effects in European cross-border regions},
  author={Capello, Roberta and Caragliu, Andrea and Fratesi, Ugo},
  journal={Regional Studies},
  volume={52},
  number={7},
  pages={986--996},
  year={2018},
  publisher={Taylor \& Francis}
}


@article{martinez2013log,
  title={The log of gravity revisited},
  author={Mart{\'\i}nez-Zarzoso, Inmaculada},
  journal={Applied Economics},
  volume={45},
  number={3},
  pages={311--327},
  year={2013},
  publisher={Taylor \& Francis}
}

@article{egger2015multi,
  title={Multi-way clustering estimation of standard errors in gravity models},
  author={Egger, Peter H and Tarlea, Filip},
  journal={Economics Letters},
  volume={134},
  pages={144--147},
  year={2015},
  publisher={Elsevier}
}

@article{egger2016glm,
  title={GLM estimation of trade gravity models with fixed effects},
  author={Egger, Peter H and Staub, Kevin E},
  journal={Empirical Economics},
  volume={50},
  pages={137--175},
  year={2016},
  publisher={Springer}
}

@article{silva2006log,
  title={The log of gravity},
  author={Silva, JMC Santos and Tenreyro, Silvana},
  journal={The Review of Economics and statistics},
  volume={88},
  number={4},
  pages={641--658},
  year={2006},
  publisher={The MIT Press}
}

@article{silva2011further,
  title={Further simulation evidence on the performance of the Poisson pseudo-maximum likelihood estimator},
  author={Silva, JMC Santos and Tenreyro, Silvana},
  journal={Economics Letters},
  volume={112},
  number={2},
  pages={220--222},
  year={2011},
  publisher={Elsevier}
}

@article{motta2019estimating,
  title={Estimating Poisson pseudo-maximum-likelihood rather than log-linear model of a log-transformed dependent variable},
  author={Motta, Victor},
  journal={RAUSP Management Journal},
  volume={54},
  pages={508--518},
  year={2019},
  publisher={SciELO Brasil}
}

@article{yotov2022role,
  title={On the role of domestic trade flows for estimating the gravity model of trade},
  author={Yotov, Yoto V},
  journal={Contemporary Economic Policy},
  volume={40},
  number={3},
  pages={526--540},
  year={2022},
  publisher={Wiley Online Library}
}

@article{nitsch2000national,
  title={National borders and international trade: evidence from the European Union},
  author={Nitsch, Volker},
  journal={Canadian Journal of Economics/Revue canadienne d'{\'e}conomique},
  volume={33},
  number={4},
  pages={1091--1105},
  year={2000},
  publisher={Wiley Online Library}
}

@article{wolf2000intranational,
  title={Intranational home bias in trade},
  author={Wolf, Holger C},
  journal={Review of economics and statistics},
  volume={82},
  number={4},
  pages={555--563},
  year={2000},
  publisher={MIT Press 238 Main St., Suite 500, Cambridge, MA 02142-1046, USA journals~…}
}

@article{mccallum1995national,
  title={National borders matter: Canada-US regional trade patterns},
  author={McCallum, John},
  journal={The American economic review},
  volume={85},
  number={3},
  pages={615--623},
  year={1995},
  publisher={JSTOR}
}

@article{chen2004intra,
  title={Intra-national versus international trade in the European Union: why do national borders matter?},
  author={Chen, Natalie},
  journal={Journal of international Economics},
  volume={63},
  number={1},
  pages={93--118},
  year={2004},
  publisher={Elsevier}
}

@article{millimet2007state,
  title={Do state borders matter for US intranational trade? The role of history and internal migration},
  author={Millimet, Daniel L and Osang, Thomas},
  journal={Canadian Journal of Economics/Revue canadienne d'{\'e}conomique},
  volume={40},
  number={1},
  pages={93--126},
  year={2007},
  publisher={Wiley Online Library}
}

@article{hillberry2003intranational,
  title={Intranational home bias: Some explanations},
  author={Hillberry, Russell and Hummels, David},
  journal={Review of Economics and Statistics},
  volume={85},
  number={4},
  pages={1089--1092},
  year={2003},
  publisher={MIT Press 238 Main St., Suite 500, Cambridge, MA 02142-1046, USA journals~…}
}

@article{hu2022comparison,
  title={Comparison of commodity flow survey (CFS) and freight analysis framework (FAF) for 2017 domestic freight flows},
  author={Hu, Patricia and Schmitt, Rolf and Fan, Cha-Chi and Parker, Julie and Kweon, Young-Jun and others},
  year={2022},
  publisher={United States. Department of Transportation. Bureau of Transportation Statistics}
}

@article{campos2021structural,
  title={Structural gravity and trade agreements: Does the measurement of domestic trade matter?},
  author={Campos, Rodolfo G and Timini, Jacopo and Vidal, Elena},
  journal={Economics Letters},
  volume={208},
  pages={110080},
  year={2021},
  publisher={Elsevier}
}

@article{agnosteva2019intra,
  title={Intra-national trade costs: Assaying regional frictions},
  author={Agnosteva, Delina E and Anderson, James E and Yotov, Yoto V},
  journal={European Economic Review},
  volume={112},
  pages={32--50},
  year={2019},
  publisher={Elsevier}
}

@article{crafts2014geography,
  title={Geography and intra-national home bias: US domestic trade in 1949 and 2007},
  author={Crafts, Nicholas and Klein, Alexander},
  journal={Journal of Economic Geography},
  volume={15},
  number={3},
  pages={477--497},
  year={2014},
  publisher={Oxford University Press}
}

----------- DATA -------------

@article{hu2022comparison,
  title={Comparison of commodity flow survey (CFS) and freight analysis framework (FAF) for 2017 domestic freight flows},
  author={Hu, Patricia and Schmitt, Rolf and Fan, Cha-Chi and Parker, Julie and Kweon, Young-Jun and others},
  year={2022},
  publisher={United States. Department of Transportation. Bureau of Transportation Statistics}
}